<?xml version="1.0" encoding="UTF-8"?><collection xmlns="http://www.loc.gov/MARC21/slim"><record><leader>00574nam--2200169-i-4500</leader><controlfield tag="001">000018571</controlfield><controlfield tag="002">20161230</controlfield><controlfield tag="005">20161230201032</controlfield><controlfield tag="008">060222s1000------------r-----000-0-eng-d</controlfield><datafield ind1=" " ind2=" " tag="040"><subfield code="a">IFIN-HH</subfield></datafield><datafield ind1=" " ind2=" " tag="080"><subfield code="a">539.12.047</subfield></datafield><datafield ind1="1" ind2=" " tag="100"><subfield code="a">Watson, B.B</subfield></datafield><datafield ind1="1" ind2="0" tag="245"><subfield code="a">The delayed effects of whole-body radiation: a symposium</subfield><subfield code="b">Jointly sponsored by the operations research office and the walter reed army institute of research</subfield><subfield code="c">B.b. watson (ed.)</subfield></datafield><datafield ind1=" " ind2=" " tag="260"><subfield code="a">Baltimore</subfield><subfield code="b">The Johns Hopkins Press</subfield><subfield code="c">1960</subfield></datafield><datafield ind1=" " ind2=" " tag="300"><subfield code="a">IX + 80 P</subfield></datafield><datafield ind1=" " ind2=" " tag="852"><subfield code="a">17537</subfield><subfield code="c">539.12.04</subfield></datafield><datafield ind1=" " ind2=" " tag="CAT"><subfield code="a">Sys</subfield><subfield code="c">20120203</subfield><subfield code="h">125748</subfield></datafield></record></collection>